@book{brunton2019data,
  title={Data-Driven Science and Engineering: Machine Learning, Dynamical Systems, and Control},
  author={Brunton, S.L. and Kutz, J.N.},
  isbn={9781108422093},
  lccn={2018029888},
  url={https://books.google.it/books?id=gNcRuQEACAAJ},
  year={2019},
  publisher={Cambridge University Press}
}
